@INPROCEEDINGS{1648322, 
  author={O. Fialka and M. Cadik}, 
  booktitle={Tenth International Conference on Information Visualisation
    (IV'06)}, 
  title={FFT and Convolution Performance in Image Filtering on GPU}, 
  year={2006}, 
  pages={609-614}, 
  keywords={convolution;data visualisation;fast Fourier
    transforms;frequency-domain analysis;image processing;convolution;data
      visualization;fast Fourier transform;frequency domain;graphics
      hardware;graphics processing unit;image filtering;spatial
      domain;Convolution;Fast Fourier transforms;Filtering;Filters;Fourier
      transforms;Frequency domain analysis;Graphics;Kernel;Signal processing
      algorithms;Visualization;Fast Fourier Transformation (FFT);Graphics
      Processing Unit (GPU);convolution;image filtering}, 
  doi={10.1109/IV.2006.53}, 
  ISSN={1550-6037}, 
  month={July},}
@article{blelloch1990prefix,
    title={Prefix sums and their applications},
    author={Blelloch, Guy E},
    year={1990}
}
