@article{savioja2011audio,
		title = {Audio Signal Processing Using Graphics Processing Units},
		author = {Savioja, Lauri and Välimäki, Vesa and Smith, Julius O.},
		journal = {J. Audio Eng. Soc},
		volume = {59},
		number = {1/2},
		pages = {3--19},
		year = {2011},
		url = {http://www.aes.org/e-lib/browse.cfm?elib=15772}
		}